<?xml version="1.0" encoding="UTF-8"?><collection xmlns="http://www.loc.gov/MARC21/slim"><record><leader>00631nam--2200181-i-4500</leader><controlfield tag="001">000007066</controlfield><controlfield tag="002">20161230</controlfield><controlfield tag="005">20161230201027</controlfield><controlfield tag="008">060222s1000------------r-----000-0-eng-d</controlfield><datafield ind1=" " ind2=" " tag="040"><subfield code="a">IFIN-HH</subfield></datafield><datafield ind1=" " ind2=" " tag="080"><subfield code="a">539.171.017</subfield></datafield><datafield ind1="1" ind2=" " tag="100"><subfield code="a">Brockhouse, B.N</subfield></datafield><datafield ind1="1" ind2="0" tag="245"><subfield code="a">Inelastic scattering of slow neutrons</subfield><subfield code="b">Proceedings of the international summer school on solid state physics held at mol, belgium august 12-31, 1963</subfield><subfield code="c">B.n. brockhouse, s. hautecler, h. stiller</subfield></datafield><datafield ind1=" " ind2=" " tag="260"><subfield code="a">Amsterdam</subfield><subfield code="b">North-hilland Publishing Company</subfield><subfield code="c">1964</subfield></datafield><datafield ind1=" " ind2=" " tag="300"><subfield code="a">/-580-642/ P</subfield></datafield><datafield ind1="1" ind2=" " tag="700"><subfield code="a">Stiller, H</subfield></datafield><datafield ind1=" " ind2=" " tag="852"><subfield code="a">20714</subfield><subfield code="c">539.17</subfield></datafield><datafield ind1=" " ind2=" " tag="CAT"><subfield code="a">Sys</subfield><subfield code="c">20120529</subfield><subfield code="h">160136</subfield></datafield></record></collection>